<record><leader>00000cas a2200000 a 4500</leader><controlfield tag="001">36912080</controlfield><controlfield tag="008">970515d19161917orudn ne      0    0eng c</controlfield><datafield ind1=" " ind2=" " tag="010"><subfield code="a">sn 96088239 </subfield></datafield><datafield ind1=" " ind2=" " tag="040"><subfield code="a">OCN</subfield><subfield code="b">eng</subfield><subfield code="c">OCN</subfield><subfield code="d">OCLCQ</subfield><subfield code="d">ORU</subfield><subfield code="d">OCLCQ</subfield><subfield code="d">OCLCF</subfield><subfield code="d">OCLCO</subfield></datafield><datafield ind1=" " ind2=" " tag="042"><subfield code="a">pcc</subfield></datafield><datafield ind1=" " ind2=" " tag="043"><subfield code="a">n-us-or</subfield></datafield><datafield ind1="0" ind2=" " tag="130"><subfield code="a">Daily bulletin (Bend, Or.)</subfield></datafield><datafield ind1="1" ind2="4" tag="245"><subfield code="a">The Daily bulletin.</subfield></datafield><datafield ind1="1" ind2="3" tag="246"><subfield code="a">Bend bulletin</subfield></datafield><datafield ind1=" " ind2=" " tag="260"><subfield code="a">Bend, Or. :</subfield><subfield code="b">G.P. Putnam,</subfield><subfield code="c">1916-1917.</subfield></datafield><datafield ind1=" " ind2=" " tag="300"><subfield code="a">1 v.</subfield></datafield><datafield ind1=" " ind2=" " tag="310"><subfield code="a">Daily (except Sun.)</subfield></datafield><datafield ind1="0" ind2=" " tag="362"><subfield code="a">Vol. 1, no. 1 (Dec. 6, 1916)-v. 1, no. 33 (Jan. 16, 1917).</subfield></datafield><datafield ind1=" " ind2=" " tag="530"><subfield code="a">Also issued on microfilm from University of Oregon.</subfield></datafield><datafield ind1=" " ind2=" " tag="580"><subfield code="a">Weekly ed.: Bend bulletin (Bend, Or. : 1903), 1916-1917.</subfield></datafield><datafield ind1=" " ind2="0" tag="651"><subfield code="a">Bend (Or.)</subfield><subfield code="v">Newspapers.</subfield></datafield><datafield ind1=" " ind2="7" tag="655"><subfield code="a">Newspapers.</subfield><subfield code="2">fast</subfield><subfield code="0">(OCoLC)fst01423814</subfield></datafield><datafield ind1=" " ind2="7" tag="651"><subfield code="a">Oregon</subfield><subfield code="z">Bend.</subfield><subfield code="2">fast</subfield><subfield code="0">(OCoLC)fst01205543</subfield></datafield><datafield ind1=" " ind2=" " tag="752"><subfield code="a">United States</subfield><subfield code="b">Oregon</subfield><subfield code="c">Deschutes</subfield><subfield code="d">Bend.</subfield></datafield><datafield ind1="0" ind2=" " tag="775"><subfield code="t">Bend bulletin (Bend, Or. : 1903)</subfield><subfield code="w">(DLC)sn 96088235</subfield><subfield code="w">(OCoLC)36912173</subfield></datafield><datafield ind1="0" ind2="0" tag="785"><subfield code="t">Bend bulletin (Bend, Or. : 1917)</subfield><subfield code="w">(DLC)sn 90051770</subfield><subfield code="w">(OCoLC)22497168</subfield></datafield></record>